<?xml version="1.0" encoding="UTF-8"?><collection xmlns="http://www.loc.gov/MARC21/slim"><record><leader>00454nam--2200157-i-4500</leader><controlfield tag="001">000026169</controlfield><controlfield tag="002">20161230</controlfield><controlfield tag="005">20161230201036</controlfield><controlfield tag="008">060222s1000------------r-----000-0-eng-d</controlfield><datafield ind1=" " ind2=" " tag="100"><subfield code="a">Kaplansky, I.S.A</subfield></datafield><datafield ind1=" " ind2=" " tag="245"><subfield code="a">Functional analysis</subfield></datafield><datafield ind1=" " ind2=" " tag="260"><subfield code="a">New York, John Wiley &amp; Sons, Inc., 1958</subfield></datafield><datafield ind1=" " ind2=" " tag="306"><subfield code="a">243 p</subfield></datafield><datafield ind1=" " ind2=" " tag="490"><subfield code="a">Surveys In Applied Mathematics; Some Aspects Of Analysis And Probability</subfield><subfield code="v">Vol. Iv</subfield></datafield><datafield ind1=" " ind2=" " tag="852"><subfield code="a">14537</subfield></datafield><datafield ind1=" " ind2=" " tag="CAT"><subfield code="a">Sys</subfield><subfield code="c">20080402</subfield><subfield code="h">131809</subfield></datafield></record></collection>